<?xml version="1.0" encoding="UTF-8"?>
<Document xmlns="urn:iso:std:iso:20022:tech:xsd:pain.001.001.03" xmlns:xsi="http://www.w3.org/2001/XMLSchema-instance">
   <CstmrCdtTrfInitn>
      <GrpHdr>
         <MsgId>ABC/090928/CCT001</MsgId>
         <CreDtTm>2009-09-28T14:07:00</CreDtTm>
         <NbOfTxs>1</NbOfTxs>
         <CtrlSum>10000000</CtrlSum>
         <InitgPty>
            <Nm>ABC Corporation</Nm>
            <PstlAdr>
               <StrtNm>Times Square</StrtNm>
               <BldgNb>7</BldgNb>
               <PstCd>NY 10036</PstCd>
               <TwnNm>New York</TwnNm>
               <Ctry>US</Ctry>
            </PstlAdr>
            <Id>
				      <OrgId>
					      <BICOrBEI>BBBBUS33</BICOrBEI>
				      </OrgId>
            </Id>
         </InitgPty>
      </GrpHdr>
      <PmtInf>
         <PmtInfId>ABC/086</PmtInfId>
         <PmtMtd>TRF</PmtMtd>
         <BtchBookg>false</BtchBookg>
         <ReqdExctnDt>2009-09-29</ReqdExctnDt>
         <Dbtr>
            <Nm>ABC Corporation</Nm>
            <PstlAdr>
               <StrtNm>Times Square</StrtNm>
               <BldgNb>7</BldgNb>
               <PstCd>NY 10036</PstCd>
               <TwnNm>New York</TwnNm>
               <Ctry>US</Ctry>
            </PstlAdr>
         </Dbtr>
         <DbtrAcct>
            <Id>
               <IBAN>BE30001216371411</IBAN>
            </Id>
         </DbtrAcct>
         <DbtrAgt>
            <FinInstnId>
               <BIC>BBBBUS33</BIC>
            </FinInstnId>
         </DbtrAgt>
         <CdtTrfTxInf>
            <PmtId>
               <EndToEndId>ABC/4562/2009-09-08</EndToEndId>
            </PmtId>
			      <PmtTpInf>
				      <LclInstrm>
					      <Cd>INST</Cd>
				      </LclInstrm>
			      </PmtTpInf>
            <Amt>
               <InstdAmt Ccy="EUR">10000000</InstdAmt>
            </Amt>
            <ChrgBr>SHAR</ChrgBr>
            <CdtrAgt>
               <FinInstnId>
                  <BIC>AAAAGB2L</BIC>
               </FinInstnId>
            </CdtrAgt>
            <Cdtr>
               <Nm>DEF Electronics</Nm>
               <PstlAdr>
                  <AdrLine>Corn Exchange 5th Floor</AdrLine>
                  <AdrLine>Mark Lane 55</AdrLine>
                  <AdrLine>EC3R7NE London</AdrLine>
                  <AdrLine>GB</AdrLine>
               </PstlAdr>
            </Cdtr>
            <CdtrAcct>
               <Id>
                  <IBAN>BE30001216371411</IBAN>
               </Id>
            </CdtrAcct>
            <Purp>
               <Cd>CINV</Cd>
            </Purp>
            <RmtInf>
               <Strd>
                  <RfrdDocInf>
                     <Nb>4562</Nb>
                     <RltdDt>2009-09-08</RltdDt>
                  </RfrdDocInf>
               </Strd>
            </RmtInf>
         </CdtTrfTxInf>
      </PmtInf>
   </CstmrCdtTrfInitn>
</Document>