<?xml version="1.0" encoding="UTF-8"?>
<Document xmlns="urn:iso:std:iso:20022:tech:xsd:pain.001.001.08">
   <CstmrCdtTrfInitn>
      <GrpHdr>
         <MsgId>3f93b34c-8b69-4b0c-bcee-d181881cc95</MsgId>
         <CreDtTm>2017-03-31T18:51:44.018+03:00</CreDtTm>
         <Authstn>
            <Cd>AUTH</Cd>
         </Authstn>
         <NbOfTxs>1</NbOfTxs>
         <CtrlSum>10</CtrlSum>
         <InitgPty>
            <Nm>InitiatingPartyName</Nm>
            <PstlAdr>
               <AdrTp>ADDR</AdrTp>
               <Dept>Dept</Dept>
               <SubDept>SubDept</SubDept>
               <StrtNm>StrtNm</StrtNm>
               <BldgNb>BldgNb</BldgNb>
               <PstCd>PstCd</PstCd>
               <TwnNm>TwnNm</TwnNm>
               <CtrySubDvsn>CtrySubDvsn</CtrySubDvsn>
               <Ctry>GB</Ctry>
               <AdrLine>AdrLine</AdrLine>
            </PstlAdr>
            <Id>
               <OrgId>
                  <AnyBIC>MIDLGB22</AnyBIC>
                  <Othr>
                     <Id>8d0bf39a-dc8a-4e38-8cdd-28eabbd79e8</Id>
                  </Othr>
               </OrgId>
            </Id>
         </InitgPty>
      </GrpHdr>
      <PmtInf>
         <PmtInfId>0095d7e6-c081-4d11-b5bf-c75866bab4d</PmtInfId>
         <PmtMtd>TRF</PmtMtd>
         <BtchBookg>true</BtchBookg>
         <NbOfTxs>1</NbOfTxs>
         <CtrlSum>10</CtrlSum>
         <ReqdExctnDt>
            <DtTm>2017-03-31T18:51:44.018+03:00</DtTm>
            <!-- Note :- Instead of <DtTm> tag , <Dt>2017-03-31</Dt> can also be used ; Either <DtTm> or <Dt> is mandatory -->
         </ReqdExctnDt>
         <Dbtr>
            <Nm>HSBC Debtor Name</Nm>
            <PstlAdr>
               <AdrTp>ADDR</AdrTp>
               <Dept>Dept</Dept>
               <SubDept>SubDept</SubDept>
               <StrtNm>StrtNm</StrtNm>
               <BldgNb>BldgNb</BldgNb>
               <PstCd>PstCd</PstCd>
               <TwnNm>TwnNm</TwnNm>
               <CtrySubDvsn>CtrySubDvsn</CtrySubDvsn>
               <Ctry>GB</Ctry>
               <AdrLine>AdrLine</AdrLine>
            </PstlAdr>
            <Id>
               <OrgId>
                  <AnyBIC>MIDLGB22</AnyBIC>
                  <Othr>
                     <Id>06ea1ba7-4044-45ca-bce7-d6d31bf0950</Id>
                  </Othr>
               </OrgId>
            </Id>
         </Dbtr>
         <DbtrAcct>
            <Id>
               <IBAN>GB26MIDL40051512345674</IBAN>
            </Id>
            <!-- Instead of <IBAN> tag ; below <Othr><Id> can also be used ;  Either <IBAN> or <Othr><Id> is Mandatory ; For SEPA , only IBAN is allowed -->
            <!-- 
					  <Othr>
					    <Id>06ea1ba7-4044-45ca-bce7-d6d31bg66</Id>
					  </Othr>-->
         </DbtrAcct>
         <DbtrAgt>
            <FinInstnId>
               <BICFI>MIDLGB2109Y</BICFI>
            </FinInstnId>
         </DbtrAgt>
         <UltmtDbtr>
            <Nm>Ultimate Debtor Name at batch level</Nm>
            <PstlAdr>
               <AdrTp>ADDR</AdrTp>
               <Dept>Dept</Dept>
               <SubDept>SubDept</SubDept>
               <StrtNm>StrtNm</StrtNm>
               <BldgNb>BldgNb</BldgNb>
               <PstCd>PstCd</PstCd>
               <TwnNm>TwnNm</TwnNm>
               <CtrySubDvsn>CtrySubDvsn</CtrySubDvsn>
               <Ctry>GB</Ctry>
               <AdrLine>AdrLine</AdrLine>
            </PstlAdr>
            <Id>
               <OrgId>
                  <AnyBIC>BARCGB22</AnyBIC>
                  <Othr>
                     <Id>06ea1ba7-4044-45ca-bce7-d6d31bf0941</Id>
                  </Othr>
               </OrgId>
            </Id>
         </UltmtDbtr>
         <ChrgBr>SHAR</ChrgBr>
         <CdtTrfTxInf>
            <PmtId>
               <InstrId>b27959d3-d5ea-4ed4-86657515860b61e</InstrId>
               <EndToEndId>68008539-e8d9-47bb-a020-dae85eb88e0</EndToEndId>
            </PmtId>
            <PmtTpInf>
               <InstrPrty>HIGH</InstrPrty>
               <SvcLvl>
                  <Cd>SEPA</Cd>
               </SvcLvl>
               <LclInstrm>
                  <Cd>INST</Cd>
               </LclInstrm>
               <CtgyPurp>
                  <Cd>OTHR</Cd>
               </CtgyPurp>
            </PmtTpInf>
            <Amt>
               <InstdAmt Ccy="EUR">10</InstdAmt>
               <!-- Instead of <InstdAmt> tag ; below <EqvtAmt> can also be used ;  Either <InstdAmt> or <EqvtAmt> is Mandatory ; For domestic payments 
					like SEPA/US RTP , Debtor currency is always equal to currency of transaction ; hence , <EqvtAmt> won't be used -->
               <!-- 
					<EqvtAmt>
						<Amt Ccy="EUR">10</Amt>
						<CcyOfTrf>USD</CcyOfTrf>
					</EqvtAmt>	 
					-->
            </Amt>
            <ChrgBr>SHAR</ChrgBr>
            <UltmtDbtr>
               <Nm>Ultimate Debtor Name at transaction level</Nm>
               <PstlAdr>
                  <AdrTp>ADDR</AdrTp>
                  <Dept>Dept</Dept>
                  <SubDept>SubDept</SubDept>
                  <StrtNm>StrtNm</StrtNm>
                  <BldgNb>BldgNb</BldgNb>
                  <PstCd>PstCd</PstCd>
                  <TwnNm>TwnNm</TwnNm>
                  <CtrySubDvsn>CtrySubDvsn</CtrySubDvsn>
                  <Ctry>GB</Ctry>
                  <AdrLine>AdrLine</AdrLine>
               </PstlAdr>
               <Id>
                  <OrgId>
                     <AnyBIC>BARCGB22</AnyBIC>
                     <Othr>
                        <Id>06ea1ba7-4044-45ca-bce7-d6d31bf0678</Id>
                     </Othr>
                  </OrgId>
               </Id>
            </UltmtDbtr>
            <CdtrAgt>
               <FinInstnId>
                  <BICFI>CITIGB2L</BICFI>
               </FinInstnId>
            </CdtrAgt>
            <Cdtr>
               <Nm>Beneficiary Name</Nm>
               <PstlAdr>
                  <AdrTp>ADDR</AdrTp>
                  <Dept>Dept</Dept>
                  <SubDept>SubDept</SubDept>
                  <StrtNm>StrtNm</StrtNm>
                  <BldgNb>BldgNb</BldgNb>
                  <PstCd>PstCd</PstCd>
                  <TwnNm>TwnNm</TwnNm>
                  <CtrySubDvsn>CtrySubDvsn</CtrySubDvsn>
                  <Ctry>GB</Ctry>
                  <AdrLine>AdrLine</AdrLine>
               </PstlAdr>
               <Id>
                  <OrgId>
                     <AnyBIC>CITIGB2LXXX</AnyBIC>
                     <Othr>
                        <Id>06ea1ba7-4044-45ca-bce7-d6d31bf0769</Id>
                     </Othr>
                  </OrgId>
               </Id>
            </Cdtr>
            <CdtrAcct>
               <Id>
                  <IBAN>GB85CITI18500810402419</IBAN>
                  <!-- Instead of <IBAN> tag ; below <Othr><Id> can also be used ;  Either <IBAN> or <Othr><Id> is Mandatory; For SEPA , only IBAN is allowed-->
                  <!-- 
					<Othr>
					<Id>06ea1ba7-4044-45ca-bce7-d6d31bg11</Id>
					</Othr>
					-->
               </Id>
            </CdtrAcct>
            <UltmtCdtr>
               <Nm>Ultimate creditor Name</Nm>
               <PstlAdr>
                  <AdrTp>ADDR</AdrTp>
                  <Dept>Dept</Dept>
                  <SubDept>SubDept</SubDept>
                  <StrtNm>StrtNm</StrtNm>
                  <BldgNb>BldgNb</BldgNb>
                  <PstCd>PstCd</PstCd>
                  <TwnNm>TwnNm</TwnNm>
                  <CtrySubDvsn>CtrySubDvsn</CtrySubDvsn>
                  <Ctry>GB</Ctry>
                  <AdrLine>AdrLine</AdrLine>
               </PstlAdr>
               <Id>
                  <OrgId>
                     <AnyBIC>MIDLGB2103K</AnyBIC>
                     <Othr>
                        <Id>06ea1ba7-4044-45ca-bce7-d6d31bf7601</Id>
                     </Othr>
                  </OrgId>
               </Id>
            </UltmtCdtr>
            <Purp>
               <Cd>OTHR</Cd>
            </Purp>
            <RmtInf>
               <Ustrd>Unstructured remittance info free text format one</Ustrd>
               <Ustrd>Unstructured remittance info free text format two</Ustrd>
               <Ustrd>Unstructured remittance info free text format three</Ustrd>
               <Ustrd>Unstructured remittance info free text format four</Ustrd>
               <Strd>
                  <RfrdDocInf>
                     <Tp>
                        <CdOrPrtry>
                           <Cd>CREN</Cd>
                        </CdOrPrtry>
                        <Issr>Issuer</Issr>
                     </Tp>
                  </RfrdDocInf>
               </Strd>
            </RmtInf>
         </CdtTrfTxInf>
      </PmtInf>
   </CstmrCdtTrfInitn>
</Document>